<record><leader>00000cas a22000007a 4500</leader><controlfield tag="001">55477335</controlfield><controlfield tag="008">040524c20049999njuzn n       0   a0eng c</controlfield><controlfield tag="009">467</controlfield><datafield ind1=" " ind2=" " tag="010"><subfield code="a">  2004213938</subfield></datafield><datafield ind1=" " ind2=" " tag="040"><subfield code="a">NSD</subfield><subfield code="b">eng</subfield><subfield code="c">NSD</subfield><subfield code="d">NSD</subfield><subfield code="d">OCLCQ</subfield></datafield><datafield ind1=" " ind2=" " tag="012"><subfield code="k">1</subfield><subfield code="l">1</subfield></datafield><datafield ind1="1" ind2=" " tag="022"><subfield code="a">1550-5901</subfield><subfield code="l">1550-5901</subfield><subfield code="2">1</subfield></datafield><datafield ind1="1" ind2=" " tag="029"><subfield code="a">AU@</subfield><subfield code="b">000025559170</subfield></datafield><datafield ind1=" " ind2=" " tag="037"><subfield code="b">Media Fountain, 249 7th St., Jersey City, NJ 07302</subfield><subfield code="c">$26.00</subfield></datafield><datafield ind1=" " ind2=" " tag="042"><subfield code="a">pcc</subfield><subfield code="a">nsdp</subfield></datafield><datafield ind1="1" ind2="0" tag="050"><subfield code="a">ISSN RECORD</subfield></datafield><datafield ind1="1" ind2="0" tag="082"><subfield code="a">590</subfield><subfield code="2">13</subfield></datafield><datafield ind1="0" ind2=" " tag="130"><subfield code="a">Animal companion (Jersey City, N.J.)</subfield></datafield><datafield ind1=" " ind2="4" tag="222"><subfield code="a">The animal companion</subfield><subfield code="b">(Jersey City, N.J.)</subfield></datafield><datafield ind1="0" ind2="4" tag="245"><subfield code="a">The animal companion.</subfield></datafield><datafield ind1=" " ind2=" " tag="260"><subfield code="a">Jersey City, NJ :</subfield><subfield code="b">Media Fountain,</subfield><subfield code="c">[2004]-</subfield></datafield><datafield ind1=" " ind2=" " tag="300"><subfield code="a">v. :</subfield><subfield code="b">ill. ;</subfield><subfield code="c">57cm.</subfield></datafield><datafield ind1=" " ind2=" " tag="310"><subfield code="a">Every three weeks</subfield></datafield><datafield ind1="0" ind2=" " tag="362"><subfield code="a">Vol. 1, no. 1-</subfield></datafield><datafield ind1=" " ind2=" " tag="515"><subfield code="a">First issue also called: Inaugural ed.</subfield></datafield></record>